<record><leader>00000cas a22000007a 4500</leader><controlfield tag="001">18953391</controlfield><controlfield tag="008">881229d18761882nyuwr ne      0    0eng d</controlfield><controlfield tag="009">148</controlfield><datafield ind1=" " ind2=" " tag="010"><subfield code="a">sn 88075850 </subfield></datafield><datafield ind1=" " ind2=" " tag="040"><subfield code="a">NYG</subfield><subfield code="b">eng</subfield><subfield code="c">NYG</subfield><subfield code="d">NYS</subfield><subfield code="d">DLC</subfield><subfield code="d">OCL</subfield><subfield code="d">NYS</subfield><subfield code="d">OCLCQ</subfield></datafield><datafield ind1=" " ind2=" " tag="019"><subfield code="a">23092310</subfield></datafield><datafield ind1=" " ind2=" " tag="042"><subfield code="a">msc</subfield></datafield><datafield ind1="0" ind2=" " tag="130"><subfield code="a">Brookfield courier (Brookfield, N.Y. : 1876)</subfield></datafield><datafield ind1="0" ind2="4" tag="245"><subfield code="a">The Brookfield courier.</subfield></datafield><datafield ind1=" " ind2=" " tag="260"><subfield code="a">Brookfield, Madison Co., N.Y. :</subfield><subfield code="b">Spooner &amp; Mungor,</subfield><subfield code="c">1876-1882.</subfield></datafield><datafield ind1=" " ind2=" " tag="300"><subfield code="a">7 v. :</subfield><subfield code="b">ill. (chiefly advertisements)</subfield></datafield><datafield ind1=" " ind2=" " tag="310"><subfield code="a">Weekly</subfield></datafield><datafield ind1="0" ind2=" " tag="362"><subfield code="a">Vol. 1, no. 1 (May 3, 1876)-v. 7, no. 1 (Apr. 27, 1882).</subfield></datafield><datafield ind1=" " ind2=" " tag="500"><subfield code="a">Publishers: H.L. Spooner &amp; Son, &lt;1878&gt;-1882.</subfield></datafield><datafield ind1=" " ind2=" " tag="500"><subfield code="a">"A non-partisan family newspaper", 1876-1882.</subfield></datafield><datafield ind1=" " ind2=" " tag="500"><subfield code="a">"An independent journal", 1882.</subfield></datafield><datafield ind1=" " ind2="4" tag="651"><subfield code="a">Brookfield (N.Y.)</subfield><subfield code="v">Newspapers.</subfield></datafield><datafield ind1=" " ind2=" " tag="752"><subfield code="a">United States</subfield><subfield code="b">New York</subfield><subfield code="c">Madison</subfield><subfield code="d">Brookfield.</subfield></datafield><datafield ind1="0" ind2="0" tag="780"><subfield code="t">Young America (Brookfield, N.Y.)</subfield><subfield code="w">(DLC)sn 90066230</subfield><subfield code="w">(OCoLC)21986511</subfield></datafield><datafield ind1="0" ind2="0" tag="785"><subfield code="t">Brookfield courier and the reporter</subfield><subfield code="w">(OCoLC)sn 91066993</subfield><subfield code="w">(OCoLC)24893414</subfield></datafield></record>